%% LaTeX2e file `references.bib'
%% generated by the `filecontents' environment
%% from source `Lindbladian' on 2023/11/26.
%%
@article{Chandra1990,
  title = {Ising transition in frustrated Heisenberg models},
  author = {Chandra, P. and Coleman, P. and Larkin, A. I.},
  journal = {Phys. Rev. Lett.},
  volume = {64},
  issue = {1},
  pages = {88--91},
  numpages = {0},
  year = {1990},
  month = {Jan},
  publisher = {American Physical Society},
  doi = {10.1103/PhysRevLett.64.88},
  url = {https://link.aps.org/doi/10.1103/PhysRevLett.64.88}
}
