@misc{bravyi2004lagrangian,
  title={Lagrangian representation for fermionic linear optics},
  author={Sergey Bravyi},
  year={2004},
  eprint={quant-ph/0404180},
  archivePrefix={arXiv},
  primaryClass={quant-ph}
}
